
@inproceedings{Radermacher2013,
  doi = {10.1145/2445196.2445351},
  url = {https://doi.org/10.1145/2445196.2445351},
  year = {2013},
  publisher = {{ACM} Press},
  author = {Alex Radermacher and Gursimran Walia},
  title = {Gaps between industry expectations and the abilities of graduates},
  booktitle = {Proceeding of the 44th {ACM} technical symposium on Computer science education - {SIGCSE} 13}
}
@inproceedings{Stevens2016,
  doi = {10.1145/2843043.2843068},
  url = {https://doi.org/10.1145/2843043.2843068},
  year = {2016},
  publisher = {{ACM} Press},
  author = {Matt Stevens and Richard Norman},
  title = {Industry expectations of soft skills in {IT} graduates},
  booktitle = {Proceedings of the Australasian Computer Science Week Multiconference on - {ACSW} 16}
}

@article{Tessler2003,
  doi = {10.1002/j.1681-4835.2003.tb00090.x},
  url = {https://doi.org/10.1002/j.1681-4835.2003.tb00090.x},
  year = {2003},
  month = may,
  publisher = {Wiley},
  volume = {13},
  number = {1},
  pages = {1--17},
  author = {Shirley Tessler and Avron Barr and Nagy Hanna},
  title = {National Software Industry Development: Considerations for Government Planners},
  journal = {The Electronic Journal of Information Systems in Developing Countries}
}

@inproceedings{Ng2004,
  doi = {10.1109/aswec.2004.1290464},
  url = {https://doi.org/10.1109/aswec.2004.1290464},
  year = {2004},
  publisher = {{IEEE}},
  author = {S.P. Ng and T. Murnane and K. Reed and D. Grant and T.Y. Chen},
  title = {A preliminary survey on software testing practices in Australia},
  booktitle = {2004 Australian Software Engineering Conference. Proceedings.}
}

@inproceedings{Chan2005,
  doi = {10.1109/qsic.2005.57},
  url = {https://doi.org/10.1109/qsic.2005.57},
  year = {2005},
  publisher = {{IEEE}},
  author = {F.T. Chan and W.H. Tang and T.Y. Chen},
  title = {Software Testing Education and Training in Hong Kong},
  booktitle = {Fifth International Conference on Quality Software ({QSIC}{\textquotesingle}05)}
}